|0000|019|0|01112025|30112025|HOOKED SISTEMAS LTDA|41696403000102||SC|261037854|4217204|||A|0|
|0001|1|
|0002||
|0990|4|
|B001|1|
|B990|2|
|C001|1|
|C990|2|
|D001|1|
|D990|2|
|E001|0|
|E100|01112025|30112025|
|E110|0,00|0,00|0,00|0,00|0,00|0,00|0,00|0,00|0,00|0,00|0,00|0,00|0,00|0,00|
|E500|0|01112025|30112025|
|E520|0,00|0,00|0,00|0,00|0,00|0,00|0,00|
|E990|6|
|G001|1|
|G990|2|
|H001|1|
|H990|2|
|K001|1|
|K990|2|
|1001|0|
|1010|N|N|N|N|N|N|N|N|N|N|N|N|N|
|1990|3|
|9001|0|
|9900|0000|1|
|9900|0001|1|
|9900|0002|1|
|9900|0990|1|
|9900|B001|1|
|9900|B990|1|
|9900|C001|1|
|9900|C990|1|
|9900|D001|1|
|9900|D990|1|
|9900|E001|1|
|9900|E100|1|
|9900|E110|1|
|9900|E500|1|
|9900|E520|1|
|9900|E990|1|
|9900|G001|1|
|9900|G990|1|
|9900|H001|1|
|9900|H990|1|
|9900|K001|1|
|9900|K990|1|
|9900|1001|1|
|9900|1010|1|
|9900|1990|1|
|9900|9001|1|
|9900|9900|29|
|9900|9990|1|
|9900|9999|1|
|9990|32|
|9999|57|
